<record><leader>00000cas a22000007a 4500</leader><controlfield tag="001">15029147</controlfield><controlfield tag="008">870102d18601861wiuwr ne      0    0eng d</controlfield><datafield ind1=" " ind2=" " tag="010"><subfield code="a">sn 87082000 </subfield></datafield><datafield ind1=" " ind2=" " tag="040"><subfield code="a">NPV</subfield><subfield code="b">eng</subfield><subfield code="c">NPV</subfield><subfield code="d">OCLCQ</subfield></datafield><datafield ind1=" " ind2=" " tag="042"><subfield code="a">msc</subfield></datafield><datafield ind1="0" ind2="4" tag="245"><subfield code="a">The Republican express.</subfield></datafield><datafield ind1="3" ind2="0" tag="246"><subfield code="a">Oxford express</subfield></datafield><datafield ind1="3" ind2="0" tag="246"><subfield code="a">Marquette basket</subfield></datafield><datafield ind1=" " ind2=" " tag="260"><subfield code="a">Oxford, Marquette Co., Wis. :</subfield><subfield code="b">Pease &amp; Comstock,</subfield><subfield code="c">-1861.</subfield></datafield><datafield ind1=" " ind2=" " tag="300"><subfield code="a">v.</subfield></datafield><datafield ind1=" " ind2=" " tag="310"><subfield code="a">Weekly</subfield></datafield><datafield ind1="1" ind2=" " tag="362"><subfield code="a">Began in Jan. 1860.</subfield></datafield><datafield ind1="0" ind2=" " tag="362"><subfield code="a">-v. 2, no. 52 (Mar. 1, 1861).</subfield></datafield><datafield ind1=" " ind2=" " tag="588"><subfield code="a">Description based on: Vol. 1, no. 45 (Jan. 13, 1860).</subfield></datafield><datafield ind1=" " ind2=" " tag="752"><subfield code="a">United States</subfield><subfield code="b">Wisconsin</subfield><subfield code="c">Marquette</subfield><subfield code="d">Oxford.</subfield></datafield><datafield ind1="0" ind2="0" tag="780"><subfield code="t">Oxford republican express</subfield><subfield code="w">(DLC)sn 86086862</subfield></datafield><datafield ind1="0" ind2="0" tag="785"><subfield code="t">Oxford express</subfield><subfield code="w">(DLC)sn 87082001</subfield></datafield></record>